@article{brin98anatomy,
    author = "Sergey Brin and Lawrence Page",
    title = "The anatomy of a large-scale hypertextual {Web} search engine",
    journal = "Computer Networks and ISDN Systems",
    volume = "30",
    number = "1--7",
    pages = "107--117",
    year = "1998"
}
@inproceedings{BFS_high_quality,
    author = "Marc Najork and Janet L. Wiener",
    title = "{B}readth-{F}irst {C}rawling {Y}ields {H}igh-{Q}uality {P}ages",
    booktitle = "Proceedings of the 10th International World Wide Web Conference",
    publisher = "Elsevier Science",
    address = "Hong Kong",
    pages = "114--118",
    month = "May",
    year = "2001"
}
@techreport{page98pagerank,
    author = "Lawrence Page and Sergey Brin and Rajeev Motwani and Terry Winograd",
    institution = "Stanford Digital Library Technologies Project",
    title = "The PageRank Citation Ranking: Bringing Order to the Web",
    year = "1998"
}
@inproceedings{pagerank_web_structure,
    author = "Gopal Pandurangan and Prabhakara Raghavan and Eli Upfal",
    title = "{U}sing {P}age{R}ank to {C}haracterize {W}eb {S}tructure",
    booktitle = "8th Annual International Computing and Combinatorics
                 Conference (COCOON)",
    year = "2002"
}
@misc{haveliwala02topicsensitive,
    author = "T. Haveliwala",
    title = "Topic-sensitive PageRank",
    text = "Taher H. Haveliwala. Topic-sensitive PageRank. In Proceedings of the Eleventh
            International World Wide Web Conference, Honolulu, Hawaii, May 2002.",
    year = "2002"
}
@article{kleinberg99authoritative,
    author = "Jon M. Kleinberg",
    title = "Authoritative sources in a hyperlinked environment",
    journal = "Journal of the ACM",
    volume = "46",
    number = "5",
    pages = "604--632",
    year = "1999"
}
@techreport{haveliwala99efficient,
    author = "Taher Haveliwala",
    title = "Efficient Computation of Page{R}ank",
    number = "1999-31",
    year = "1999",
    note = "\\\texttt{\small http://dbpubs.stanford.edu:8090/pub/1999-31}"
}
@inproceedings{boldi02ubicrawler,
    author = "Paolo Boldi and Bruno Codenotti and Massimo Santini and and Sebastiano Vigna",
    title = "Ubicrawler: Scalability and fault-tolerance issues",
    booktitle = "{WWW} Posters",
    year = "2002"
}
@article{deerwester90indexing,
    author = "Scott C. Deerwester and Susan T. Dumais and Thomas K. Landauer and George W. Furnas and Richard A. Harshman",
    title = "Indexing by Latent Semantic Analysis",
    journal = "Journal of the American Society of Information Science",
    volume = "41",
    number = "6",
    pages = "391-407",
    year = "1990"
}
@article{brin98what,
    author = "Sergey Brin and Rajeev Motwani and Lawrence Page and Terry Winograd",
    title = "What can you do with a Web in your Pocket?",
    journal = "Data Engineering Bulletin",
    volume = "21",
    number = "2",
    pages = "37-47",
    year = "1998"
}
@misc{google,
    title = "{G}oogle, inc.",
    note = "\\\texttt{\small http://www.google.com/}"
}
@misc{yahoo,
    title = "{Y}ahoo! {I}nc.",
    note = "\\\texttt{\small http://www.yahoo.com/}"
}
@misc{altavista,
    title = "{A}ltavista {C}ompany",
    note = "\\\texttt{\small http://www.altavista.com/}"
}
@misc{zeitgeist,
    title = "{G}oogle {Z}eitgeist",
    note = "\\\texttt{\small http://www.google.com/press/zeitgeist.html}"
}
@misc{mg4j,
    title = "{M}anaging {G}igabytes for {J}ava --- {MG4J}",
    author = "Sebastiano Vigna and Paolo Boldi",
    note = "\\\texttt{\small http://mg4j.dsi.unimi.it/}"
}
@book{witten99managing,
    author = "Ian H. Witten and Alistair Moffat and and Timothy C. Bell",
    title = "Managing Gigabytes: Compressing and Indexing Documents and Images",
    year = "1999",
    publisher = "{M}organ {K}aufmann {P}ublishing, {S}an {F}rancisco",
    note = "\\\texttt{http://www.cs.mu.oz.au/mg/}"
}
@misc{ubi,
    title = "{U}bi{C}rawler project",
    note = "\\\texttt{\small http://ubi.imc.pi.cnr.it/projects/ubicrawler/}"
}
@misc{dsi,
    title = "{U}niversitï¿½ degli {S}tudi di {M}ilano --- {D}ipartimento di {S}cienze dell'{I}nformazione",
    note = "\\\texttt{\small http://www.dsi.unimi.it/}"
}
@misc{trie,
    author = "Jon Bentley and Bob Sedgewick",
    title = "{T}ernary {S}earch {T}rees",
    year = "April 1998",
    publisher = "{D}r. {D}obb's {J}ournal"
}
@article{kumar99trawling,
    author = "Ravi Kumar and Prabhakar Raghavan and Sridhar Rajagopalan and Andrew Tomkins",
    title = "Trawling the {Web} for emerging cyber-communities",
    journal = "Computer Networks (Amsterdam, Netherlands: 1999)",
    volume = "31",
    number = "11--16",
    pages = "1481--1493",
    year = "1999"
}
@inproceedings{kumar00stochastic,
    author = "Kumar and Raghavan and Rajagopalan and Sivakumar and Tomkins and Upfal",
    title = "Stochastic Models for the Web Graph",
    booktitle = "{FOCS}: {IEEE} Symposium on Foundations of Computer Science ({FOCS})",
    year = "2000"
}
@article{landauer,
    author = "T. Landauer and S. Dumais",
    title = "A Solution to Plato's Problem: The Latent Semantic Analysis Theory of Acquisition, Induction and Representation of Knowledge",
    publisher = "Psychological Review",
    pages = "104(2), 211-240"
}
@misc{netcraft,
    title = " {N}et{C}raft {W}eb {S}erver {S}urvey",
    note = "\\\texttt{\small http://www.netcraft.com/survey/}"
}
@article{bharat98size,
    author = "Krishna Bharat and Andrei Broder",
    title = "Estimating the Relative Size and Overlap of Public Web Search Engines",
    note = "\\\texttt{\small http://research.compaq.com/SRC/whatsnew/sem.html}",
    year = "April 1998"
}
@unpublished{boldi02proximity,
    author = "P. Boldi",
    title = "An Interval Semantics for Web-Search Query Operators with Efficient Lazy Evaluation",
    year = "2002"
}
@misc{googlespecial,
    title = "{S}pecial {G}oogle {S}earches",
    note = "\\\texttt{\small http://www.google.com/options/specialsearches.html}"
}
@misc{searchengineforums,
    title = "{S}earch {E}ngine {F}orums",
    note = "\\\texttt{\small http://searchengineforums.com/}"
}
@misc{dmoz,
    title = "{O}pen {D}irectory {P}roject --- {ODP}",
    note = "\\\texttt{\small http://www.dmoz.org/}"
}
@article{clampett64trees,
    title = "Randomized Binary Searching with Tree Structures",
    author = "H.A. Clampett",
    journal = "Communications of the ACM",
    year = "March 1964"
}
@article{egghe90infometrics,
    author = "L. Egghe and R. Rousseau",
    title = "Introduction to Infometrics: Quantitative Methods in Library, Documentation and Information Science",
    publisher = "Elsevier Science Publishers",
    year= "1990"
}
@techreport{silverstein98,
    author = "Craig Silverstein and Monika Henzinger and Hannes Marais and Michael Moricz",
    title = "Analysis of a Very Large AltaVista Query Log",
    institution = "Digital SRC",
    year = "1998",
    number = "1998-014",
    note = "\\\texttt{\small http://gatekeeper.dec.com/pub/DEC/SRC/technical-notes/abstracts/src-tn-1998-014.html}"
}
@inproceedings{bharat01when,
    author = "Krishna Bharat and George A. Mihaila",
    title = "When experts agree: using non-affiliated experts to rank popular topics",
    booktitle = "World Wide Web",
    pages = "597-602",
    year = "2001",
    note = "\\\texttt{\small http://citeseer.nj.nec.com/bharat01when.html}"
}
@techreport{raghavan02webgraphs,
   author = "Sriram Raghavan and Hector Garcia-Molina",
   title = "Representing Web Graphs",
   year = "2002"
}
@article{google911,
   title = "The Effects of {S}eptember 11 on the Leading Search Engine",
   author = "Richard W. Wiggins",
   publisher = "First Monday",
   note = "\\\texttt{\small http://www.firstmonday.dk/issues/issue6\_10/wiggins/}",
   year = "18 September 2001",
   number = "volume 7, number 10, October 2001"
}
@misc{fastutil,
    title = "fastutil",
    author = "Sebastiano Vigna",
    note = "\\\texttt{\small http://fastutil.dsi.unimi.it/}"
}
@misc{colt,
    title = "{C}olt --- Open Source Libraries for High Performance Scientific and Technical Computing in {J}ava",
    note = "\\\texttt{http://hoschek.home.cern.ch/hoschek/colt/}"
}
@article{pinski76influence,
    author = "G. Pinski and F. Narin",
    title = "Citation influence for journal aggregates of scientific publications: Theory with application to literature of physics",
    publisher = "Information Processing \& Management",
    pages = "12:297--312",
    year = "1976"
}
@article{garfield72citation,
    author = "E. Garfield",
    title = "Citation analysis as a tool in journal evaluation",
    publisher = "Science",
    pages = "178:471--479",
    year = "1972"
}
@book{markov,
    author = "D. L. Isaacson and R. W. Madsen",
    title = "Markov Chains Theory and Applications",
    publisher = "John Wiley \& Sons",
    address = "New York",
    year = "1976"
}
